<?xml version="1.0" encoding="UTF-8"?><collection xmlns="http://www.loc.gov/MARC21/slim"><record><leader>00683nam--2200193-u-4500</leader><controlfield tag="001">000051998</controlfield><controlfield tag="002">20161230</controlfield><controlfield tag="005">20161230201049</controlfield><controlfield tag="008">090526s1000------------r-----000-0-eng-d</controlfield><datafield ind1=" " ind2=" " tag="040"><subfield code="a">IFIN-HH</subfield></datafield><datafield ind1=" " ind2=" " tag="080"><subfield code="a">539</subfield></datafield><datafield ind1="1" ind2=" " tag="100"><subfield code="a">Gheboianu, Anca Irina</subfield></datafield><datafield ind1="1" ind2="0" tag="245"><subfield code="a">Metode spectrometrice de analiza, atomice si nucleare, utilizate in caracterizarea gradului de poluare a mediului inconjurator</subfield><subfield code="c">Anca Irina Gheboianu</subfield></datafield><datafield ind1=" " ind2=" " tag="260"><subfield code="a">Bucuresti</subfield><subfield code="b">Universitatea din Bucuresti, Facultatea de Fizica</subfield><subfield code="c">2009</subfield></datafield><datafield ind1=" " ind2=" " tag="300"><subfield code="a">293 p</subfield></datafield><datafield ind1=" " ind2=" " tag="502"><subfield code="a">Teza de doctorat Coordonator Stiintific Prof. Univ. Dr. Ion V. Popescu</subfield></datafield><datafield ind1=" " ind2="4" tag="650"><subfield code="a">Spectrometrie</subfield></datafield><datafield ind1=" " ind2=" " tag="852"><subfield code="a">82270</subfield><subfield code="c">539</subfield></datafield><datafield ind1=" " ind2=" " tag="CAT"><subfield code="a">Sys</subfield><subfield code="c">20110106</subfield><subfield code="h">094448</subfield></datafield></record></collection>